[{"model": "api.periodicity", "pk": 1, "fields": {"name": "Monthly"}}, {"model": "api.periodicity", "pk": 3, "fields": {"name": "Quarterly"}}, {"model": "api.periodicity", "pk": 6, "fields": {"name": "Semesterly"}}, {"model": "api.periodicity", "pk": 12, "fields": {"name": "Annually"}}, {"model": "api.territory", "pk": 1, "fields": {"name": "Spain", "code_2": "ES", "code_3": "ESP"}}, {"model": "api.territory", "pk": 2, "fields": {"name": "United Kingdom", "code_2": "GB", "code_3": "GBR"}}, {"model": "api.territory", "pk": 3, "fields": {"name": "Germany", "code_2": "DE", "code_3": "DEU"}}, {"model": "api.territory", "pk": 4, "fields": {"name": "Italy", "code_2": "IT", "code_3": "ITA"}}, {"model": "api.territory", "pk": 5, "fields": {"name": "France", "code_2": "FR", "code_3": "FRA"}}, {"model": "api.territory", "pk": 6, "fields": {"name": "Afghanistan", "code_2": "AF", "code_3": "AFG"}}, {"model": "api.territory", "pk": 7, "fields": {"name": "Aland Islands", "code_2": "AX", "code_3": "ALA"}}, {"model": "api.territory", "pk": 8, "fields": {"name": "Albania", "code_2": "AL", "code_3": "ALB"}}, {"model": "api.territory", "pk": 9, "fields": {"name": "Algeria", "code_2": "DZ", "code_3": "DZA"}}, {"model": "api.territory", "pk": 10, "fields": {"name": "American Samoa", "code_2": "AS", "code_3": "ASM"}}, {"model": "api.territory", "pk": 11, "fields": {"name": "Andorra", "code_2": "AD", "code_3": "AND"}}, {"model": "api.territory", "pk": 12, "fields": {"name": "Angola", "code_2": "AO", "code_3": "AGO"}}, {"model": "api.territory", "pk": 13, "fields": {"name": "Anguilla", "code_2": "AI", "code_3": "AIA"}}, {"model": "api.territory", "pk": 14, "fields": {"name": "Antarctica", "code_2": "AQ", "code_3": "ATA"}}, {"model": "api.territory", "pk": 15, "fields": {"name": "Antigua and Barbuda", "code_2": "AG", "code_3": "ATG"}}, {"model": "api.territory", "pk": 16, "fields": {"name": "Argentina", "code_2": "AR", "code_3": "ARG"}}, {"model": "api.territory", "pk": 17, "fields": {"name": "Armenia", "code_2": "AM", "code_3": "ARM"}}, {"model": "api.territory", "pk": 18, "fields": {"name": "Aruba", "code_2": "AW", "code_3": "ABW"}}, {"model": "api.territory", "pk": 19, "fields": {"name": "Australia", "code_2": "AU", "code_3": "AUS"}}, {"model": "api.territory", "pk": 20, "fields": {"name": "Austria", "code_2": "AT", "code_3": "AUT"}}, {"model": "api.territory", "pk": 21, "fields": {"name": "Azerbaijan", "code_2": "AZ", "code_3": "AZE"}}, {"model": "api.territory", "pk": 22, "fields": {"name": "Bahamas", "code_2": "BS", "code_3": "BHS"}}, {"model": "api.territory", "pk": 23, "fields": {"name": "Bahrain", "code_2": "BH", "code_3": "BHR"}}, {"model": "api.territory", "pk": 24, "fields": {"name": "Bangladesh", "code_2": "BD", "code_3": "BGD"}}, {"model": "api.territory", "pk": 25, "fields": {"name": "Barbados", "code_2": "BB", "code_3": "BRB"}}, {"model": "api.territory", "pk": 26, "fields": {"name": "Belarus", "code_2": "BY", "code_3": "BLR"}}, {"model": "api.territory", "pk": 27, "fields": {"name": "Belgium", "code_2": "BE", "code_3": "BEL"}}, {"model": "api.territory", "pk": 28, "fields": {"name": "Belize", "code_2": "BZ", "code_3": "BLZ"}}, {"model": "api.territory", "pk": 29, "fields": {"name": "Benin", "code_2": "BJ", "code_3": "BEN"}}, {"model": "api.territory", "pk": 30, "fields": {"name": "Bermuda", "code_2": "BM", "code_3": "BMU"}}, {"model": "api.territory", "pk": 31, "fields": {"name": "Bhutan", "code_2": "BT", "code_3": "BTN"}}, {"model": "api.territory", "pk": 32, "fields": {"name": "Bolivia", "code_2": "BO", "code_3": "BOL"}}, {"model": "api.territory", "pk": 33, "fields": {"name": "Bosnia and Herzegovina", "code_2": "BA", "code_3": "BIH"}}, {"model": "api.territory", "pk": 34, "fields": {"name": "Botswana", "code_2": "BW", "code_3": "BWA"}}, {"model": "api.territory", "pk": 35, "fields": {"name": "Bouvet Island", "code_2": "BV", "code_3": "BVT"}}, {"model": "api.territory", "pk": 36, "fields": {"name": "Brazil", "code_2": "BR", "code_3": "BRA"}}, {"model": "api.territory", "pk": 37, "fields": {"name": "British Virgin Islands", "code_2": "VG", "code_3": "VGB"}}, {"model": "api.territory", "pk": 38, "fields": {"name": "British Indian Ocean Territory", "code_2": "IO", "code_3": "IOT"}}, {"model": "api.territory", "pk": 39, "fields": {"name": "Brunei Darussalam", "code_2": "BN", "code_3": "BRN"}}, {"model": "api.territory", "pk": 40, "fields": {"name": "Bulgaria", "code_2": "BG", "code_3": "BGR"}}, {"model": "api.territory", "pk": 41, "fields": {"name": "Burkina Faso", "code_2": "BF", "code_3": "BFA"}}, {"model": "api.territory", "pk": 42, "fields": {"name": "Burundi", "code_2": "BI", "code_3": "BDI"}}, {"model": "api.territory", "pk": 43, "fields": {"name": "Cambodia", "code_2": "KH", "code_3": "KHM"}}, {"model": "api.territory", "pk": 44, "fields": {"name": "Cameroon", "code_2": "CM", "code_3": "CMR"}}, {"model": "api.territory", "pk": 45, "fields": {"name": "Canada", "code_2": "CA", "code_3": "CAN"}}, {"model": "api.territory", "pk": 46, "fields": {"name": "Cape Verde", "code_2": "CV", "code_3": "CPV"}}, {"model": "api.territory", "pk": 47, "fields": {"name": "Cayman Islands", "code_2": "KY", "code_3": "CYM"}}, {"model": "api.territory", "pk": 48, "fields": {"name": "Central African Republic", "code_2": "CF", "code_3": "CAF"}}, {"model": "api.territory", "pk": 49, "fields": {"name": "Chad", "code_2": "TD", "code_3": "TCD"}}, {"model": "api.territory", "pk": 50, "fields": {"name": "Chile", "code_2": "CL", "code_3": "CHL"}}, {"model": "api.territory", "pk": 51, "fields": {"name": "China", "code_2": "CN", "code_3": "CHN"}}, {"model": "api.territory", "pk": 52, "fields": {"name": "Hong Kong", "code_2": "HK", "code_3": "HKG"}}, {"model": "api.territory", "pk": 53, "fields": {"name": "Macao (China)", "code_2": "MO", "code_3": "MAC"}}, {"model": "api.territory", "pk": 54, "fields": {"name": "Christmas Island", "code_2": "CX", "code_3": "CXR"}}, {"model": "api.territory", "pk": 55, "fields": {"name": "Cocos (Keeling) Islands", "code_2": "CC", "code_3": "CCK"}}, {"model": "api.territory", "pk": 56, "fields": {"name": "Colombia", "code_2": "CO", "code_3": "COL"}}, {"model": "api.territory", "pk": 57, "fields": {"name": "Comoros", "code_2": "KM", "code_3": "COM"}}, {"model": "api.territory", "pk": 58, "fields": {"name": "Congo (Brazzaville)", "code_2": "CG", "code_3": "COG"}}, {"model": "api.territory", "pk": 59, "fields": {"name": "Democratic Republic of the Congo", "code_2": "CD", "code_3": "COD"}}, {"model": "api.territory", "pk": 60, "fields": {"name": "Cook Islands", "code_2": "CK", "code_3": "COK"}}, {"model": "api.territory", "pk": 61, "fields": {"name": "Costa Rica", "code_2": "CR", "code_3": "CRI"}}, {"model": "api.territory", "pk": 62, "fields": {"name": "C\u00f4te d'Ivoire", "code_2": "CI", "code_3": "CIV"}}, {"model": "api.territory", "pk": 63, "fields": {"name": "Croatia", "code_2": "HR", "code_3": "HRV"}}, {"model": "api.territory", "pk": 64, "fields": {"name": "Cuba", "code_2": "CU", "code_3": "CUB"}}, {"model": "api.territory", "pk": 65, "fields": {"name": "Cyprus", "code_2": "CY", "code_3": "CYP"}}, {"model": "api.territory", "pk": 66, "fields": {"name": "Czech Republic", "code_2": "CZ", "code_3": "CZE"}}, {"model": "api.territory", "pk": 67, "fields": {"name": "Denmark", "code_2": "DK", "code_3": "DNK"}}, {"model": "api.territory", "pk": 68, "fields": {"name": "Djibouti", "code_2": "DJ", "code_3": "DJI"}}, {"model": "api.territory", "pk": 69, "fields": {"name": "Dominica", "code_2": "DM", "code_3": "DMA"}}, {"model": "api.territory", "pk": 70, "fields": {"name": "Dominican Republic", "code_2": "DO", "code_3": "DOM"}}, {"model": "api.territory", "pk": 71, "fields": {"name": "Ecuador", "code_2": "EC", "code_3": "ECU"}}, {"model": "api.territory", "pk": 72, "fields": {"name": "Egypt", "code_2": "EG", "code_3": "EGY"}}, {"model": "api.territory", "pk": 73, "fields": {"name": "El Salvador", "code_2": "SV", "code_3": "SLV"}}, {"model": "api.territory", "pk": 74, "fields": {"name": "Equatorial Guinea", "code_2": "GQ", "code_3": "GNQ"}}, {"model": "api.territory", "pk": 75, "fields": {"name": "Eritrea", "code_2": "ER", "code_3": "ERI"}}, {"model": "api.territory", "pk": 76, "fields": {"name": "Estonia", "code_2": "EE", "code_3": "EST"}}, {"model": "api.territory", "pk": 77, "fields": {"name": "Ethiopia", "code_2": "ET", "code_3": "ETH"}}, {"model": "api.territory", "pk": 78, "fields": {"name": "Falkland Islands (Malvinas)", "code_2": "FK", "code_3": "FLK"}}, {"model": "api.territory", "pk": 79, "fields": {"name": "Faroe Islands", "code_2": "FO", "code_3": "FRO"}}, {"model": "api.territory", "pk": 80, "fields": {"name": "Fiji", "code_2": "FJ", "code_3": "FJI"}}, {"model": "api.territory", "pk": 81, "fields": {"name": "Finland", "code_2": "FI", "code_3": "FIN"}}, {"model": "api.territory", "pk": 82, "fields": {"name": "French Guiana", "code_2": "GF", "code_3": "GUF"}}, {"model": "api.territory", "pk": 83, "fields": {"name": "French Polynesia", "code_2": "PF", "code_3": "PYF"}}, {"model": "api.territory", "pk": 84, "fields": {"name": "French Southern Territories", "code_2": "TF", "code_3": "ATF"}}, {"model": "api.territory", "pk": 85, "fields": {"name": "Gabon", "code_2": "GA", "code_3": "GAB"}}, {"model": "api.territory", "pk": 86, "fields": {"name": "Gambia", "code_2": "GM", "code_3": "GMB"}}, {"model": "api.territory", "pk": 87, "fields": {"name": "Georgia", "code_2": "GE", "code_3": "GEO"}}, {"model": "api.territory", "pk": 88, "fields": {"name": "Ghana", "code_2": "GH", "code_3": "GHA"}}, {"model": "api.territory", "pk": 89, "fields": {"name": "Gibraltar", "code_2": "GI", "code_3": "GIB"}}, {"model": "api.territory", "pk": 90, "fields": {"name": "Greece", "code_2": "GR", "code_3": "GRC"}}, {"model": "api.territory", "pk": 91, "fields": {"name": "Greenland", "code_2": "GL", "code_3": "GRL"}}, {"model": "api.territory", "pk": 92, "fields": {"name": "Grenada", "code_2": "GD", "code_3": "GRD"}}, {"model": "api.territory", "pk": 93, "fields": {"name": "Guadeloupe", "code_2": "GP", "code_3": "GLP"}}, {"model": "api.territory", "pk": 94, "fields": {"name": "Guam", "code_2": "GU", "code_3": "GUM"}}, {"model": "api.territory", "pk": 95, "fields": {"name": "Guatemala", "code_2": "GT", "code_3": "GTM"}}, {"model": "api.territory", "pk": 96, "fields": {"name": "Guernsey", "code_2": "GG", "code_3": "GGY"}}, {"model": "api.territory", "pk": 97, "fields": {"name": "Guinea", "code_2": "GN", "code_3": "GIN"}}, {"model": "api.territory", "pk": 98, "fields": {"name": "Guinea-Bissau", "code_2": "GW", "code_3": "GNB"}}, {"model": "api.territory", "pk": 99, "fields": {"name": "Guyana", "code_2": "GY", "code_3": "GUY"}}, {"model": "api.territory", "pk": 100, "fields": {"name": "Haiti", "code_2": "HT", "code_3": "HTI"}}, {"model": "api.territory", "pk": 101, "fields": {"name": "Heard Island and Mcdonald Islands", "code_2": "HM", "code_3": "HMD"}}, {"model": "api.territory", "pk": 102, "fields": {"name": "Holy See (Vatican City State)", "code_2": "VA", "code_3": "VAT"}}, {"model": "api.territory", "pk": 103, "fields": {"name": "Honduras", "code_2": "HN", "code_3": "HND"}}, {"model": "api.territory", "pk": 104, "fields": {"name": "Hungary", "code_2": "HU", "code_3": "HUN"}}, {"model": "api.territory", "pk": 105, "fields": {"name": "Iceland", "code_2": "IS", "code_3": "ISL"}}, {"model": "api.territory", "pk": 106, "fields": {"name": "India", "code_2": "IN", "code_3": "IND"}}, {"model": "api.territory", "pk": 107, "fields": {"name": "Indonesia", "code_2": "ID", "code_3": "IDN"}}, {"model": "api.territory", "pk": 108, "fields": {"name": "Islamic Republic of Iran", "code_2": "IR", "code_3": "IRN"}}, {"model": "api.territory", "pk": 109, "fields": {"name": "Iraq", "code_2": "IQ", "code_3": "IRQ"}}, {"model": "api.territory", "pk": 110, "fields": {"name": "Ireland", "code_2": "IE", "code_3": "IRL"}}, {"model": "api.territory", "pk": 111, "fields": {"name": "Isle of Man", "code_2": "IM", "code_3": "IMN"}}, {"model": "api.territory", "pk": 112, "fields": {"name": "Israel", "code_2": "IL", "code_3": "ISR"}}, {"model": "api.territory", "pk": 113, "fields": {"name": "Jamaica", "code_2": "JM", "code_3": "JAM"}}, {"model": "api.territory", "pk": 114, "fields": {"name": "Japan", "code_2": "JP", "code_3": "JPN"}}, {"model": "api.territory", "pk": 115, "fields": {"name": "Jersey", "code_2": "JE", "code_3": "JEY"}}, {"model": "api.territory", "pk": 116, "fields": {"name": "Jordan", "code_2": "JO", "code_3": "JOR"}}, {"model": "api.territory", "pk": 117, "fields": {"name": "Kazakhstan", "code_2": "KZ", "code_3": "KAZ"}}, {"model": "api.territory", "pk": 118, "fields": {"name": "Kenya", "code_2": "KE", "code_3": "KEN"}}, {"model": "api.territory", "pk": 119, "fields": {"name": "Kiribati", "code_2": "KI", "code_3": "KIR"}}, {"model": "api.territory", "pk": 120, "fields": {"name": "Democratic Peoples Republic of Korea", "code_2": "KP", "code_3": "PRK"}}, {"model": "api.territory", "pk": 121, "fields": {"name": "Republic of Korea", "code_2": "KR", "code_3": "KOR"}}, {"model": "api.territory", "pk": 122, "fields": {"name": "Kuwait", "code_2": "KW", "code_3": "KWT"}}, {"model": "api.territory", "pk": 123, "fields": {"name": "Kyrgyzstan", "code_2": "KG", "code_3": "KGZ"}}, {"model": "api.territory", "pk": 124, "fields": {"name": "Lao Peoples Democratic Republic", "code_2": "LA", "code_3": "LAO"}}, {"model": "api.territory", "pk": 125, "fields": {"name": "Latvia", "code_2": "LV", "code_3": "LVA"}}, {"model": "api.territory", "pk": 126, "fields": {"name": "Lebanon", "code_2": "LB", "code_3": "LBN"}}, {"model": "api.territory", "pk": 127, "fields": {"name": "Lesotho", "code_2": "LS", "code_3": "LSO"}}, {"model": "api.territory", "pk": 128, "fields": {"name": "Liberia", "code_2": "LR", "code_3": "LBR"}}, {"model": "api.territory", "pk": 129, "fields": {"name": "Libya", "code_2": "LY", "code_3": "LBY"}}, {"model": "api.territory", "pk": 130, "fields": {"name": "Liechtenstein", "code_2": "LI", "code_3": "LIE"}}, {"model": "api.territory", "pk": 131, "fields": {"name": "Lithuania", "code_2": "LT", "code_3": "LTU"}}, {"model": "api.territory", "pk": 132, "fields": {"name": "Luxembourg", "code_2": "LU", "code_3": "LUX"}}, {"model": "api.territory", "pk": 133, "fields": {"name": "Republic of Macedonia", "code_2": "MK", "code_3": "MKD"}}, {"model": "api.territory", "pk": 134, "fields": {"name": "Madagascar", "code_2": "MG", "code_3": "MDG"}}, {"model": "api.territory", "pk": 135, "fields": {"name": "Malawi", "code_2": "MW", "code_3": "MWI"}}, {"model": "api.territory", "pk": 136, "fields": {"name": "Malaysia", "code_2": "MY", "code_3": "MYS"}}, {"model": "api.territory", "pk": 137, "fields": {"name": "Maldives", "code_2": "MV", "code_3": "MDV"}}, {"model": "api.territory", "pk": 138, "fields": {"name": "Mali", "code_2": "ML", "code_3": "MLI"}}, {"model": "api.territory", "pk": 139, "fields": {"name": "Malta", "code_2": "MT", "code_3": "MLT"}}, {"model": "api.territory", "pk": 140, "fields": {"name": "Marshall Islands", "code_2": "MH", "code_3": "MHL"}}, {"model": "api.territory", "pk": 141, "fields": {"name": "Martinique", "code_2": "MQ", "code_3": "MTQ"}}, {"model": "api.territory", "pk": 142, "fields": {"name": "Mauritania", "code_2": "MR", "code_3": "MRT"}}, {"model": "api.territory", "pk": 143, "fields": {"name": "Mauritius", "code_2": "MU", "code_3": "MUS"}}, {"model": "api.territory", "pk": 144, "fields": {"name": "Mayotte", "code_2": "YT", "code_3": "MYT"}}, {"model": "api.territory", "pk": 145, "fields": {"name": "Mexico", "code_2": "MX", "code_3": "MEX"}}, {"model": "api.territory", "pk": 146, "fields": {"name": "Federated States of Micronesia", "code_2": "FM", "code_3": "FSM"}}, {"model": "api.territory", "pk": 147, "fields": {"name": "Moldova", "code_2": "MD", "code_3": "MDA"}}, {"model": "api.territory", "pk": 148, "fields": {"name": "Monaco", "code_2": "MC", "code_3": "MCO"}}, {"model": "api.territory", "pk": 149, "fields": {"name": "Mongolia", "code_2": "MN", "code_3": "MNG"}}, {"model": "api.territory", "pk": 150, "fields": {"name": "Montenegro", "code_2": "ME", "code_3": "MNE"}}, {"model": "api.territory", "pk": 151, "fields": {"name": "Montserrat", "code_2": "MS", "code_3": "MSR"}}, {"model": "api.territory", "pk": 152, "fields": {"name": "Morocco", "code_2": "MA", "code_3": "MAR"}}, {"model": "api.territory", "pk": 153, "fields": {"name": "Mozambique", "code_2": "MZ", "code_3": "MOZ"}}, {"model": "api.territory", "pk": 154, "fields": {"name": "Myanmar", "code_2": "MM", "code_3": "MMR"}}, {"model": "api.territory", "pk": 155, "fields": {"name": "Namibia", "code_2": "NA", "code_3": "NAM"}}, {"model": "api.territory", "pk": 156, "fields": {"name": "Nauru", "code_2": "NR", "code_3": "NRU"}}, {"model": "api.territory", "pk": 157, "fields": {"name": "Nepal", "code_2": "NP", "code_3": "NPL"}}, {"model": "api.territory", "pk": 158, "fields": {"name": "Netherlands", "code_2": "NL", "code_3": "NLD"}}, {"model": "api.territory", "pk": 159, "fields": {"name": "Netherlands Antilles", "code_2": "AN", "code_3": "ANT"}}, {"model": "api.territory", "pk": 160, "fields": {"name": "New Caledonia", "code_2": "NC", "code_3": "NCL"}}, {"model": "api.territory", "pk": 161, "fields": {"name": "New Zealand", "code_2": "NZ", "code_3": "NZL"}}, {"model": "api.territory", "pk": 162, "fields": {"name": "Nicaragua", "code_2": "NI", "code_3": "NIC"}}, {"model": "api.territory", "pk": 163, "fields": {"name": "Niger", "code_2": "NE", "code_3": "NER"}}, {"model": "api.territory", "pk": 164, "fields": {"name": "Nigeria", "code_2": "NG", "code_3": "NGA"}}, {"model": "api.territory", "pk": 165, "fields": {"name": "Niue", "code_2": "NU", "code_3": "NIU"}}, {"model": "api.territory", "pk": 166, "fields": {"name": "Norfolk Island", "code_2": "NF", "code_3": "NFK"}}, {"model": "api.territory", "pk": 167, "fields": {"name": "Northern Mariana Islands", "code_2": "MP", "code_3": "MNP"}}, {"model": "api.territory", "pk": 168, "fields": {"name": "Norway", "code_2": "NO", "code_3": "NOR"}}, {"model": "api.territory", "pk": 169, "fields": {"name": "Oman", "code_2": "OM", "code_3": "OMN"}}, {"model": "api.territory", "pk": 170, "fields": {"name": "Pakistan", "code_2": "PK", "code_3": "PAK"}}, {"model": "api.territory", "pk": 171, "fields": {"name": "Palau", "code_2": "PW", "code_3": "PLW"}}, {"model": "api.territory", "pk": 172, "fields": {"name": "Palestinian Territory (Occupied)", "code_2": "PS", "code_3": "PSE"}}, {"model": "api.territory", "pk": 173, "fields": {"name": "Panama", "code_2": "PA", "code_3": "PAN"}}, {"model": "api.territory", "pk": 174, "fields": {"name": "Papua New Guinea", "code_2": "PG", "code_3": "PNG"}}, {"model": "api.territory", "pk": 175, "fields": {"name": "Paraguay", "code_2": "PY", "code_3": "PRY"}}, {"model": "api.territory", "pk": 176, "fields": {"name": "Peru", "code_2": "PE", "code_3": "PER"}}, {"model": "api.territory", "pk": 177, "fields": {"name": "Philippines", "code_2": "PH", "code_3": "PHL"}}, {"model": "api.territory", "pk": 178, "fields": {"name": "Pitcairn", "code_2": "PN", "code_3": "PCN"}}, {"model": "api.territory", "pk": 179, "fields": {"name": "Poland", "code_2": "PL", "code_3": "POL"}}, {"model": "api.territory", "pk": 180, "fields": {"name": "Portugal", "code_2": "PT", "code_3": "PRT"}}, {"model": "api.territory", "pk": 181, "fields": {"name": "Puerto Rico", "code_2": "PR", "code_3": "PRI"}}, {"model": "api.territory", "pk": 182, "fields": {"name": "Qatar", "code_2": "QA", "code_3": "QAT"}}, {"model": "api.territory", "pk": 183, "fields": {"name": "R\u00e9union", "code_2": "RE", "code_3": "REU"}}, {"model": "api.territory", "pk": 184, "fields": {"name": "Romania", "code_2": "RO", "code_3": "ROU"}}, {"model": "api.territory", "pk": 185, "fields": {"name": "Russian Federation", "code_2": "RU", "code_3": "RUS"}}, {"model": "api.territory", "pk": 186, "fields": {"name": "Rwanda", "code_2": "RW", "code_3": "RWA"}}, {"model": "api.territory", "pk": 187, "fields": {"name": "Saint-Barth\u00e9lemy", "code_2": "BL", "code_3": "BLM"}}, {"model": "api.territory", "pk": 188, "fields": {"name": "Saint Helena", "code_2": "SH", "code_3": "SHN"}}, {"model": "api.territory", "pk": 189, "fields": {"name": "Saint Kitts and Nevis", "code_2": "KN", "code_3": "KNA"}}, {"model": "api.territory", "pk": 190, "fields": {"name": "Saint Lucia", "code_2": "LC", "code_3": "LCA"}}, {"model": "api.territory", "pk": 191, "fields": {"name": "Saint-Martin (French part)", "code_2": "MF", "code_3": "MAF"}}, {"model": "api.territory", "pk": 192, "fields": {"name": "Saint Pierre and Miquelon", "code_2": "PM", "code_3": "SPM"}}, {"model": "api.territory", "pk": 193, "fields": {"name": "Saint Vincent and Grenadines", "code_2": "VC", "code_3": "VCT"}}, {"model": "api.territory", "pk": 194, "fields": {"name": "Samoa", "code_2": "WS", "code_3": "WSM"}}, {"model": "api.territory", "pk": 195, "fields": {"name": "San Marino", "code_2": "SM", "code_3": "SMR"}}, {"model": "api.territory", "pk": 196, "fields": {"name": "Sao Tome and Principe", "code_2": "ST", "code_3": "STP"}}, {"model": "api.territory", "pk": 197, "fields": {"name": "Saudi Arabia", "code_2": "SA", "code_3": "SAU"}}, {"model": "api.territory", "pk": 198, "fields": {"name": "Senegal", "code_2": "SN", "code_3": "SEN"}}, {"model": "api.territory", "pk": 199, "fields": {"name": "Serbia", "code_2": "RS", "code_3": "SRB"}}, {"model": "api.territory", "pk": 200, "fields": {"name": "Seychelles", "code_2": "SC", "code_3": "SYC"}}, {"model": "api.territory", "pk": 201, "fields": {"name": "Sierra Leone", "code_2": "SL", "code_3": "SLE"}}, {"model": "api.territory", "pk": 202, "fields": {"name": "Singapore", "code_2": "SG", "code_3": "SGP"}}, {"model": "api.territory", "pk": 203, "fields": {"name": "Slovakia", "code_2": "SK", "code_3": "SVK"}}, {"model": "api.territory", "pk": 204, "fields": {"name": "Slovenia", "code_2": "SI", "code_3": "SVN"}}, {"model": "api.territory", "pk": 205, "fields": {"name": "Solomon Islands", "code_2": "SB", "code_3": "SLB"}}, {"model": "api.territory", "pk": 206, "fields": {"name": "Somalia", "code_2": "SO", "code_3": "SOM"}}, {"model": "api.territory", "pk": 207, "fields": {"name": "South Africa", "code_2": "ZA", "code_3": "ZAF"}}, {"model": "api.territory", "pk": 208, "fields": {"name": "South Georgia and the South Sandwich Islands", "code_2": "GS", "code_3": "SGS"}}, {"model": "api.territory", "pk": 209, "fields": {"name": "South Sudan", "code_2": "SS", "code_3": "SSD"}}, {"model": "api.territory", "pk": 210, "fields": {"name": "Sri Lanka", "code_2": "LK", "code_3": "LKA"}}, {"model": "api.territory", "pk": 211, "fields": {"name": "Sudan", "code_2": "SD", "code_3": "SDN"}}, {"model": "api.territory", "pk": 212, "fields": {"name": "Suriname", "code_2": "SR", "code_3": "SUR"}}, {"model": "api.territory", "pk": 213, "fields": {"name": "Svalbard and Jan Mayen Islands", "code_2": "SJ", "code_3": "SJM"}}, {"model": "api.territory", "pk": 214, "fields": {"name": "Swaziland", "code_2": "SZ", "code_3": "SWZ"}}, {"model": "api.territory", "pk": 215, "fields": {"name": "Sweden", "code_2": "SE", "code_3": "SWE"}}, {"model": "api.territory", "pk": 216, "fields": {"name": "Switzerland", "code_2": "CH", "code_3": "CHE"}}, {"model": "api.territory", "pk": 217, "fields": {"name": "Syrian Arab Republic (Syria)", "code_2": "SY", "code_3": "SYR"}}, {"model": "api.territory", "pk": 218, "fields": {"name": "Republic of China Taiwan", "code_2": "TW", "code_3": "TWN"}}, {"model": "api.territory", "pk": 219, "fields": {"name": "Tajikistan", "code_2": "TJ", "code_3": "TJK"}}, {"model": "api.territory", "pk": 220, "fields": {"name": "United Republic of Tanzania", "code_2": "TZ", "code_3": "TZA"}}, {"model": "api.territory", "pk": 221, "fields": {"name": "Thailand", "code_2": "TH", "code_3": "THA"}}, {"model": "api.territory", "pk": 222, "fields": {"name": "Timor-Leste", "code_2": "TL", "code_3": "TLS"}}, {"model": "api.territory", "pk": 223, "fields": {"name": "Togo", "code_2": "TG", "code_3": "TGO"}}, {"model": "api.territory", "pk": 224, "fields": {"name": "Tokelau", "code_2": "TK", "code_3": "TKL"}}, {"model": "api.territory", "pk": 225, "fields": {"name": "Tonga", "code_2": "TO", "code_3": "TON"}}, {"model": "api.territory", "pk": 226, "fields": {"name": "Trinidad and Tobago", "code_2": "TT", "code_3": "TTO"}}, {"model": "api.territory", "pk": 227, "fields": {"name": "Tunisia", "code_2": "TN", "code_3": "TUN"}}, {"model": "api.territory", "pk": 228, "fields": {"name": "Turkey", "code_2": "TR", "code_3": "TUR"}}, {"model": "api.territory", "pk": 229, "fields": {"name": "Turkmenistan", "code_2": "TM", "code_3": "TKM"}}, {"model": "api.territory", "pk": 230, "fields": {"name": "Turks and Caicos Islands", "code_2": "TC", "code_3": "TCA"}}, {"model": "api.territory", "pk": 231, "fields": {"name": "Tuvalu", "code_2": "TV", "code_3": "TUV"}}, {"model": "api.territory", "pk": 232, "fields": {"name": "Uganda", "code_2": "UG", "code_3": "UGA"}}, {"model": "api.territory", "pk": 233, "fields": {"name": "Ukraine", "code_2": "UA", "code_3": "UKR"}}, {"model": "api.territory", "pk": 234, "fields": {"name": "United Arab Emirates", "code_2": "AE", "code_3": "ARE"}}, {"model": "api.territory", "pk": 235, "fields": {"name": "United States of America", "code_2": "US", "code_3": "USA"}}, {"model": "api.territory", "pk": 236, "fields": {"name": "United States Minor Outlying Islands", "code_2": "UM", "code_3": "UMI"}}, {"model": "api.territory", "pk": 237, "fields": {"name": "Uruguay", "code_2": "UY", "code_3": "URY"}}, {"model": "api.territory", "pk": 238, "fields": {"name": "Uzbekistan", "code_2": "UZ", "code_3": "UZB"}}, {"model": "api.territory", "pk": 239, "fields": {"name": "Vanuatu", "code_2": "VU", "code_3": "VUT"}}, {"model": "api.territory", "pk": 240, "fields": {"name": "Venezuela (Bolivarian Republic of)", "code_2": "VE", "code_3": "VEN"}}, {"model": "api.territory", "pk": 241, "fields": {"name": "Vietnam", "code_2": "VN", "code_3": "VNM"}}, {"model": "api.territory", "pk": 242, "fields": {"name": "Virgin Islands (US)", "code_2": "VI", "code_3": "VIR"}}, {"model": "api.territory", "pk": 243, "fields": {"name": "Wallis and Futuna Islands", "code_2": "WF", "code_3": "WLF"}}, {"model": "api.territory", "pk": 244, "fields": {"name": "Western Sahara", "code_2": "EH", "code_3": "ESH"}}, {"model": "api.territory", "pk": 245, "fields": {"name": "Yemen", "code_2": "YE", "code_3": "YEM"}}, {"model": "api.territory", "pk": 246, "fields": {"name": "Zambia", "code_2": "ZM", "code_3": "ZMB"}}, {"model": "api.territory", "pk": 247, "fields": {"name": "Zimbabwe", "code_2": "ZW", "code_3": "ZWE"}}, {"model": "api.territory", "pk": 248, "fields": {"name": "Worldwide", "code_2": "WW", "code_3": "WWW"}}, {"model": "api.territory", "pk": 249, "fields": {"name": "Cura\u00e7ao", "code_2": "CW", "code_3": "CUW"}}, {"model": "api.currency", "pk": 1, "fields": {"name": "Euro", "symbol": "\u20ac", "code": "EUR"}}, {"model": "api.currency", "pk": 2, "fields": {"name": "US Dollar", "symbol": "$", "code": "USD"}}, {"model": "api.currency", "pk": 5, "fields": {"name": "Japanese yen", "symbol": "\u00a5", "code": "JPY"}}, {"model": "api.currency", "pk": 6, "fields": {"name": "Pound sterling", "symbol": "\u00a3", "code": "GBP"}}, {"model": "api.currency", "pk": 7, "fields": {"name": "Australian dollar", "symbol": "$", "code": "AUD"}}, {"model": "api.currency", "pk": 8, "fields": {"name": "Swiss franc", "symbol": "Fr", "code": "CHF"}}, {"model": "api.currency", "pk": 9, "fields": {"name": "Canadian dollar", "symbol": "$", "code": "CAD"}}, {"model": "api.currency", "pk": 10, "fields": {"name": "Mexican peso", "symbol": "$", "code": "MXN"}}, {"model": "api.currency", "pk": 11, "fields": {"name": "Chinese yuan", "symbol": "\u00a5", "code": "CNY"}}, {"model": "api.currency", "pk": 12, "fields": {"name": "New Zealand dollar", "symbol": "$", "code": "NZD"}}, {"model": "api.currency", "pk": 13, "fields": {"name": "Swedish krona", "symbol": "kr", "code": "SEK"}}, {"model": "api.currency", "pk": 14, "fields": {"name": "Russian ruble", "symbol": "P", "code": "RUB"}}, {"model": "api.currency", "pk": 15, "fields": {"name": "Hong Kong dollar", "symbol": "$", "code": "HKD"}}, {"model": "api.currency", "pk": 16, "fields": {"name": "Singapore dollar", "symbol": "$", "code": "SGD"}}, {"model": "api.currency", "pk": 17, "fields": {"name": "Turkish lira", "symbol": "\u20ba", "code": "TRY"}}, {"model": "api.currency", "pk": 18, "fields": {"name": "Bulgarian lev", "symbol": "\u043b\u0432", "code": "BGN"}}, {"model": "api.currency", "pk": 19, "fields": {"name": "Croatian kuna", "symbol": "kn", "code": "HRK"}}, {"model": "api.currency", "pk": 20, "fields": {"name": "Czech koruna", "symbol": "K\u010d", "code": "CZK"}}, {"model": "api.currency", "pk": 21, "fields": {"name": "Danish krone", "symbol": "kr", "code": "DKK"}}, {"model": "api.currency", "pk": 22, "fields": {"name": "Hungarian forint", "symbol": "Ft", "code": "HUF"}}, {"model": "api.currency", "pk": 23, "fields": {"name": "Polish z\u0142oty", "symbol": "z\u0142", "code": "PLN"}}, {"model": "api.currency", "pk": 24, "fields": {"name": "Romanian leu", "symbol": "Leu", "code": "RON"}}, {"model": "api.currency", "pk": 25, "fields": {"name": "Norwegian krone", "symbol": "kr", "code": "NOK"}}, {"model": "api.currency", "pk": 26, "fields": {"name": "Argentine Peso", "symbol": "$", "code": "ARS"}}, {"model": "api.currency", "pk": 27, "fields": {"name": "Brazilian Real", "symbol": "R$", "code": "BRL"}}, {"model": "api.currency", "pk": 28, "fields": {"name": "Cypriot Pound", "symbol": "\u00a3", "code": "CYP"}}, {"model": "api.currency", "pk": 29, "fields": {"name": "Algerian Dinar", "symbol": "\u062f\u062c", "code": "DZD"}}, {"model": "api.currency", "pk": 30, "fields": {"name": "Estonian Kroon", "symbol": "kr", "code": "EEK"}}, {"model": "api.currency", "pk": 31, "fields": {"name": "Greek Drachma", "symbol": "\u0394\u03c1\u03c7", "code": "GRD"}}, {"model": "api.currency", "pk": 32, "fields": {"name": "Indonesian Rupiah", "symbol": "Rp", "code": "IDR"}}, {"model": "api.currency", "pk": 33, "fields": {"name": "Israeli Shekel", "symbol": "\u20aa", "code": "ILS"}}, {"model": "api.currency", "pk": 34, "fields": {"name": "Indian Rupee", "symbol": "\u20a8", "code": "INR"}}, {"model": "api.currency", "pk": 35, "fields": {"name": "Islandic Krona", "symbol": "\u00cdkr", "code": "ISK"}}, {"model": "api.currency", "pk": 36, "fields": {"name": "South Korean Won", "symbol": "\u20a9 ", "code": "KRW"}}, {"model": "api.currency", "pk": 37, "fields": {"name": "Lithuanian Litas", "symbol": "Lt", "code": "LTL"}}, {"model": "api.currency", "pk": 38, "fields": {"name": "Latvian Lats", "symbol": "Ls", "code": "LVL"}}, {"model": "api.currency", "pk": 39, "fields": {"name": "Moroccan Dirham", "symbol": "\u062f.\u0645.", "code": "MAD"}}, {"model": "api.currency", "pk": 40, "fields": {"name": "Maltese Lira", "symbol": "\u20a4", "code": "MTL"}}, {"model": "api.currency", "pk": 41, "fields": {"name": "Malaysian Ringgit", "symbol": "RM", "code": "MYR"}}, {"model": "api.currency", "pk": 42, "fields": {"name": "Philippine Peso", "symbol": "\u20b1", "code": "PHP"}}, {"model": "api.currency", "pk": 43, "fields": {"name": "Slovenian Tolar", "symbol": "SIT", "code": "SIT"}}, {"model": "api.currency", "pk": 44, "fields": {"name": "Slovak Koruna", "symbol": "Sk", "code": "SKK"}}, {"model": "api.currency", "pk": 45, "fields": {"name": "Thai Baht", "symbol": "\u0e3f", "code": "THB"}}, {"model": "api.currency", "pk": 46, "fields": {"name": "Taiwan New Dollar", "symbol": "NT$", "code": "TWD"}}, {"model": "api.currency", "pk": 47, "fields": {"name": "South African Rand", "symbol": "R", "code": "ZAR"}}, {"model": "api.currency", "pk": 48, "fields": {"name": "Saudi Arabia Riyal", "symbol": "\ufdfc", "code": "SAR"}}, {"model": "api.currency", "pk": 49, "fields": {"name": "Ukraine Hryvnia", "symbol": "\u20b4", "code": "UAH"}}, {"model": "api.currency", "pk": 50, "fields": {"name": "Emirati Dirham", "symbol": "\u062f.\u0625", "code": "AED"}}, {"model": "api.currency", "pk": 51, "fields": {"name": "Vietnamese dong", "symbol": "\u20ab", "code": "VND"}}, {"model": "api.dsr", "pk": 1, "fields": {"path": "path/to/converted.file", "date_start": "2017-01-01", "date_end": "2017-01-31", "status": "completed", "periodicity": 1, "territory": 5, "currency": 1}}, {"model": "api.dsr", "pk": 2, "fields": {"path": "path/to/converted.file", "date_start": "2017-02-01", "date_end": "2017-02-28", "status": "completed", "periodicity": 1, "territory": 5, "currency": 1}}, {"model": "api.dsr", "pk": 3, "fields": {"path": "path/to/converted.file", "date_start": "2017-03-01", "date_end": "2017-03-31", "status": "completed", "periodicity": 1, "territory": 5, "currency": 1}}, {"model": "api.dsr", "pk": 4, "fields": {"path": "path/to/converted.file", "date_start": "2017-04-01", "date_end": "2017-04-30", "status": "completed", "periodicity": 1, "territory": 5, "currency": 1}}, {"model": "api.dsr", "pk": 5, "fields": {"path": "path/to/converted.file", "date_start": "2017-05-01", "date_end": "2017-05-31", "status": "completed", "periodicity": 1, "territory": 5, "currency": 1}}, {"model": "api.dsr", "pk": 6, "fields": {"path": "path/to/converted.file", "date_start": "2017-06-01", "date_end": "2017-06-30", "status": "completed", "periodicity": 1, "territory": 5, "currency": 1}}, {"model": "api.dsr", "pk": 7, "fields": {"path": "path/to/converted.file", "date_start": "2017-07-01", "date_end": "2017-07-31", "status": "failed", "periodicity": 1, "territory": 5, "currency": 1}}, {"model": "api.dsr", "pk": 8, "fields": {"path": "path/to/converted.file", "date_start": "2017-08-01", "date_end": "2017-08-31", "status": "completed", "periodicity": 1, "territory": 5, "currency": 1}}, {"model": "api.dsr", "pk": 9, "fields": {"path": "path/to/converted.file", "date_start": "2017-09-01", "date_end": "2017-09-30", "status": "completed", "periodicity": 1, "territory": 5, "currency": 1}}, {"model": "api.dsr", "pk": 10, "fields": {"path": "path/to/converted.file", "date_start": "2017-10-01", "date_end": "2017-10-31", "status": "completed", "periodicity": 1, "territory": 5, "currency": 1}}, {"model": "api.dsr", "pk": 11, "fields": {"path": "path/to/converted.file", "date_start": "2017-11-01", "date_end": "2017-11-30", "status": "failed", "periodicity": 1, "territory": 5, "currency": 1}}, {"model": "api.dsr", "pk": 12, "fields": {"path": "path/to/converted.file", "date_start": "2017-12-01", "date_end": "2017-12-31", "status": "completed", "periodicity": 1, "territory": 5, "currency": 1}}, {"model": "api.dsr", "pk": 13, "fields": {"path": "path/to/converted.file", "date_start": "2017-01-01", "date_end": "2017-01-31", "status": "upcoming", "periodicity": 1, "territory": 3, "currency": 1}}, {"model": "api.dsr", "pk": 14, "fields": {"path": "path/to/converted.file", "date_start": "2017-02-01", "date_end": "2017-02-28", "status": "failed", "periodicity": 1, "territory": 3, "currency": 1}}, {"model": "api.dsr", "pk": 15, "fields": {"path": "path/to/converted.file", "date_start": "2017-03-01", "date_end": "2017-03-31", "status": "upcoming", "periodicity": 1, "territory": 3, "currency": 1}}, {"model": "api.dsr", "pk": 16, "fields": {"path": "path/to/converted.file", "date_start": "2017-04-01", "date_end": "2017-04-30", "status": "upcoming", "periodicity": 1, "territory": 3, "currency": 1}}, {"model": "api.dsr", "pk": 17, "fields": {"path": "path/to/converted.file", "date_start": "2017-05-01", "date_end": "2017-05-31", "status": "completed", "periodicity": 1, "territory": 3, "currency": 1}}, {"model": "api.dsr", "pk": 18, "fields": {"path": "path/to/converted.file", "date_start": "2017-06-01", "date_end": "2017-06-30", "status": "completed", "periodicity": 1, "territory": 3, "currency": 1}}, {"model": "api.dsr", "pk": 19, "fields": {"path": "path/to/converted.file", "date_start": "2017-07-01", "date_end": "2017-07-31", "status": "completed", "periodicity": 1, "territory": 3, "currency": 1}}, {"model": "api.dsr", "pk": 20, "fields": {"path": "path/to/converted.file", "date_start": "2017-08-01", "date_end": "2017-08-31", "status": "completed", "periodicity": 1, "territory": 3, "currency": 1}}, {"model": "api.dsr", "pk": 21, "fields": {"path": "path/to/converted.file", "date_start": "2017-09-01", "date_end": "2017-09-30", "status": "upcoming", "periodicity": 1, "territory": 3, "currency": 1}}, {"model": "api.dsr", "pk": 22, "fields": {"path": "path/to/converted.file", "date_start": "2017-10-01", "date_end": "2017-10-31", "status": "failed", "periodicity": 1, "territory": 3, "currency": 1}}, {"model": "api.dsr", "pk": 23, "fields": {"path": "path/to/converted.file", "date_start": "2017-11-01", "date_end": "2017-11-30", "status": "upcoming", "periodicity": 1, "territory": 3, "currency": 1}}, {"model": "api.dsr", "pk": 24, "fields": {"path": "path/to/converted.file", "date_start": "2017-12-01", "date_end": "2017-12-31", "status": "completed", "periodicity": 1, "territory": 3, "currency": 1}}, {"model": "api.dsr", "pk": 25, "fields": {"path": "path/to/converted.file", "date_start": "2017-01-01", "date_end": "2017-01-31", "status": "failed", "periodicity": 1, "territory": 2, "currency": 6}}, {"model": "api.dsr", "pk": 26, "fields": {"path": "path/to/converted.file", "date_start": "2017-02-01", "date_end": "2017-02-28", "status": "completed", "periodicity": 1, "territory": 2, "currency": 6}}, {"model": "api.dsr", "pk": 27, "fields": {"path": "path/to/converted.file", "date_start": "2017-03-01", "date_end": "2017-03-31", "status": "completed", "periodicity": 1, "territory": 2, "currency": 6}}, {"model": "api.dsr", "pk": 28, "fields": {"path": "path/to/converted.file", "date_start": "2017-04-01", "date_end": "2017-04-30", "status": "completed", "periodicity": 1, "territory": 2, "currency": 6}}, {"model": "api.dsr", "pk": 29, "fields": {"path": "path/to/converted.file", "date_start": "2017-05-01", "date_end": "2017-05-31", "status": "failed", "periodicity": 1, "territory": 2, "currency": 6}}, {"model": "api.dsr", "pk": 30, "fields": {"path": "path/to/converted.file", "date_start": "2017-06-01", "date_end": "2017-06-30", "status": "completed", "periodicity": 1, "territory": 2, "currency": 6}}, {"model": "api.dsr", "pk": 31, "fields": {"path": "path/to/converted.file", "date_start": "2017-07-01", "date_end": "2017-07-31", "status": "completed", "periodicity": 1, "territory": 2, "currency": 6}}, {"model": "api.dsr", "pk": 32, "fields": {"path": "path/to/converted.file", "date_start": "2017-08-01", "date_end": "2017-08-31", "status": "failed", "periodicity": 1, "territory": 2, "currency": 6}}, {"model": "api.dsr", "pk": 33, "fields": {"path": "path/to/converted.file", "date_start": "2017-09-01", "date_end": "2017-09-30", "status": "upcoming", "periodicity": 1, "territory": 2, "currency": 6}}, {"model": "api.dsr", "pk": 34, "fields": {"path": "path/to/converted.file", "date_start": "2017-10-01", "date_end": "2017-10-31", "status": "failed", "periodicity": 1, "territory": 2, "currency": 6}}, {"model": "api.dsr", "pk": 35, "fields": {"path": "path/to/converted.file", "date_start": "2017-11-01", "date_end": "2017-11-30", "status": "failed", "periodicity": 1, "territory": 2, "currency": 6}}, {"model": "api.dsr", "pk": 36, "fields": {"path": "path/to/converted.file", "date_start": "2017-12-01", "date_end": "2017-12-31", "status": "completed", "periodicity": 1, "territory": 2, "currency": 6}}, {"model": "api.dsr", "pk": 37, "fields": {"path": "path/to/converted.file", "date_start": "2017-01-01", "date_end": "2017-01-31", "status": "upcoming", "periodicity": 1, "territory": 67, "currency": 21}}, {"model": "api.dsr", "pk": 38, "fields": {"path": "path/to/converted.file", "date_start": "2017-02-01", "date_end": "2017-02-28", "status": "upcoming", "periodicity": 1, "territory": 67, "currency": 21}}, {"model": "api.dsr", "pk": 39, "fields": {"path": "path/to/converted.file", "date_start": "2017-03-01", "date_end": "2017-03-31", "status": "failed", "periodicity": 1, "territory": 67, "currency": 21}}, {"model": "api.dsr", "pk": 40, "fields": {"path": "path/to/converted.file", "date_start": "2017-04-01", "date_end": "2017-04-30", "status": "completed", "periodicity": 1, "territory": 67, "currency": 21}}, {"model": "api.dsr", "pk": 41, "fields": {"path": "path/to/converted.file", "date_start": "2017-05-01", "date_end": "2017-05-31", "status": "completed", "periodicity": 1, "territory": 67, "currency": 21}}, {"model": "api.dsr", "pk": 42, "fields": {"path": "path/to/converted.file", "date_start": "2017-06-01", "date_end": "2017-06-30", "status": "completed", "periodicity": 1, "territory": 67, "currency": 21}}, {"model": "api.dsr", "pk": 43, "fields": {"path": "path/to/converted.file", "date_start": "2017-07-01", "date_end": "2017-07-31", "status": "completed", "periodicity": 1, "territory": 67, "currency": 21}}, {"model": "api.dsr", "pk": 44, "fields": {"path": "path/to/converted.file", "date_start": "2017-08-01", "date_end": "2017-08-31", "status": "completed", "periodicity": 1, "territory": 67, "currency": 21}}, {"model": "api.dsr", "pk": 45, "fields": {"path": "path/to/converted.file", "date_start": "2017-09-01", "date_end": "2017-09-30", "status": "completed", "periodicity": 1, "territory": 67, "currency": 21}}, {"model": "api.dsr", "pk": 46, "fields": {"path": "path/to/converted.file", "date_start": "2017-10-01", "date_end": "2017-10-31", "status": "upcoming", "periodicity": 1, "territory": 67, "currency": 21}}, {"model": "api.dsr", "pk": 47, "fields": {"path": "path/to/converted.file", "date_start": "2017-11-01", "date_end": "2017-11-30", "status": "failed", "periodicity": 1, "territory": 67, "currency": 21}}, {"model": "api.dsr", "pk": 48, "fields": {"path": "path/to/converted.file", "date_start": "2017-12-01", "date_end": "2017-12-31", "status": "failed", "periodicity": 1, "territory": 67, "currency": 21}}, {"model": "api.dsr", "pk": 49, "fields": {"path": "path/to/converted.file", "date_start": "2017-01-01", "date_end": "2017-03-31", "status": "failed", "periodicity": 3, "territory": 20, "currency": 1}}, {"model": "api.dsr", "pk": 50, "fields": {"path": "path/to/converted.file", "date_start": "2017-04-01", "date_end": "2017-06-30", "status": "upcoming", "periodicity": 3, "territory": 20, "currency": 1}}, {"model": "api.dsr", "pk": 51, "fields": {"path": "path/to/converted.file", "date_start": "2017-07-01", "date_end": "2017-09-30", "status": "completed", "periodicity": 3, "territory": 20, "currency": 1}}, {"model": "api.dsr", "pk": 52, "fields": {"path": "path/to/converted.file", "date_start": "2017-10-01", "date_end": "2017-12-31", "status": "upcoming", "periodicity": 3, "territory": 20, "currency": 1}}, {"model": "api.dsr", "pk": 53, "fields": {"path": "path/to/converted.file", "date_start": "2017-01-01", "date_end": "2017-03-31", "status": "completed", "periodicity": 3, "territory": 1, "currency": 1}}, {"model": "api.dsr", "pk": 54, "fields": {"path": "path/to/converted.file", "date_start": "2017-04-01", "date_end": "2017-06-30", "status": "completed", "periodicity": 3, "territory": 1, "currency": 1}}, {"model": "api.dsr", "pk": 55, "fields": {"path": "path/to/converted.file", "date_start": "2017-07-01", "date_end": "2017-09-30", "status": "failed", "periodicity": 3, "territory": 1, "currency": 1}}, {"model": "api.dsr", "pk": 56, "fields": {"path": "path/to/converted.file", "date_start": "2017-10-01", "date_end": "2017-12-31", "status": "completed", "periodicity": 3, "territory": 1, "currency": 1}}, {"model": "api.statistics", "pk": 1, "fields": {"resources": 5443380, "release": 5615778, "release_transactions": 4223775, "net_revenue": 375660.95268741297, "count_sales": 605054000, "free_units": 1137, "dsr": 1}}, {"model": "api.statistics", "pk": 2, "fields": {"resources": 3142645, "release": 5847341, "release_transactions": 6712995, "net_revenue": 598979.6665205025, "count_sales": 477184800, "free_units": 5797, "dsr": 2}}, {"model": "api.statistics", "pk": 3, "fields": {"resources": 2371502, "release": 5766363, "release_transactions": 7821657, "net_revenue": 998841.8912286117, "count_sales": 27832500, "free_units": 7319, "dsr": 3}}, {"model": "api.statistics", "pk": 4, "fields": {"resources": 528718, "release": 1748437, "release_transactions": 1677791, "net_revenue": 767880.5989048408, "count_sales": 502658300, "free_units": 1913, "dsr": 4}}, {"model": "api.statistics", "pk": 5, "fields": {"resources": 4214735, "release": 31240, "release_transactions": 9729025, "net_revenue": 419537.74796680256, "count_sales": 932162900, "free_units": 8207, "dsr": 5}}, {"model": "api.statistics", "pk": 6, "fields": {"resources": 3652094, "release": 899945, "release_transactions": 6504953, "net_revenue": 935804.2124819559, "count_sales": 599519000, "free_units": 9971, "dsr": 6}}, {"model": "api.statistics", "pk": 7, "fields": {"resources": 1509108, "release": 7030770, "release_transactions": 8778543, "net_revenue": 758175.1846815654, "count_sales": 421901800, "free_units": 9455, "dsr": 7}}, {"model": "api.statistics", "pk": 8, "fields": {"resources": 3595770, "release": 3714345, "release_transactions": 6163152, "net_revenue": 716748.2269246097, "count_sales": 127500500, "free_units": 7572, "dsr": 8}}, {"model": "api.statistics", "pk": 9, "fields": {"resources": 6949449, "release": 5203338, "release_transactions": 7308614, "net_revenue": 130403.35534323666, "count_sales": 952227700, "free_units": 3026, "dsr": 9}}, {"model": "api.statistics", "pk": 10, "fields": {"resources": 7426739, "release": 4681236, "release_transactions": 4801607, "net_revenue": 200431.85437664945, "count_sales": 764020500, "free_units": 8827, "dsr": 10}}, {"model": "api.statistics", "pk": 11, "fields": {"resources": 2610670, "release": 6014991, "release_transactions": 5502317, "net_revenue": 535030.4685097579, "count_sales": 136511500, "free_units": 1450, "dsr": 11}}, {"model": "api.statistics", "pk": 12, "fields": {"resources": 5600766, "release": 1723387, "release_transactions": 5547226, "net_revenue": 819521.8817127472, "count_sales": 176937700, "free_units": 5940, "dsr": 12}}, {"model": "api.statistics", "pk": 13, "fields": {"resources": 6016109, "release": 2714395, "release_transactions": 3850557, "net_revenue": 208871.10741211235, "count_sales": 228445600, "free_units": 7707, "dsr": 13}}, {"model": "api.statistics", "pk": 14, "fields": {"resources": 4122305, "release": 4861478, "release_transactions": 3277747, "net_revenue": 39874.68852243459, "count_sales": 423391400, "free_units": 3619, "dsr": 14}}, {"model": "api.statistics", "pk": 15, "fields": {"resources": 2035091, "release": 4515264, "release_transactions": 341280, "net_revenue": 307350.77958831866, "count_sales": 87521000, "free_units": 159, "dsr": 15}}, {"model": "api.statistics", "pk": 16, "fields": {"resources": 8712424, "release": 9414324, "release_transactions": 9761035, "net_revenue": 77315.77555693581, "count_sales": 652200500, "free_units": 2670, "dsr": 16}}, {"model": "api.statistics", "pk": 17, "fields": {"resources": 5279411, "release": 4144522, "release_transactions": 5144502, "net_revenue": 968783.4028728425, "count_sales": 977012000, "free_units": 1906, "dsr": 17}}, {"model": "api.statistics", "pk": 18, "fields": {"resources": 9697289, "release": 7555900, "release_transactions": 6079182, "net_revenue": 639799.275311469, "count_sales": 681768100, "free_units": 7058, "dsr": 18}}, {"model": "api.statistics", "pk": 19, "fields": {"resources": 4474138, "release": 6386946, "release_transactions": 2922338, "net_revenue": 281102.4160077705, "count_sales": 699590800, "free_units": 5136, "dsr": 19}}, {"model": "api.statistics", "pk": 20, "fields": {"resources": 5183298, "release": 6999351, "release_transactions": 6579603, "net_revenue": 153768.6128592195, "count_sales": 36424400, "free_units": 6149, "dsr": 20}}, {"model": "api.statistics", "pk": 21, "fields": {"resources": 4572477, "release": 8496725, "release_transactions": 251545, "net_revenue": 982863.9786172785, "count_sales": 784453500, "free_units": 8223, "dsr": 21}}, {"model": "api.statistics", "pk": 22, "fields": {"resources": 9249322, "release": 9330216, "release_transactions": 7228912, "net_revenue": 505050.7784425107, "count_sales": 130370600, "free_units": 8441, "dsr": 22}}, {"model": "api.statistics", "pk": 23, "fields": {"resources": 2734616, "release": 6249899, "release_transactions": 3527529, "net_revenue": 440591.7249251896, "count_sales": 575827500, "free_units": 1864, "dsr": 23}}, {"model": "api.statistics", "pk": 24, "fields": {"resources": 6148719, "release": 8751165, "release_transactions": 6203825, "net_revenue": 580729.6221568905, "count_sales": 353296000, "free_units": 738, "dsr": 24}}, {"model": "api.statistics", "pk": 25, "fields": {"resources": 196608, "release": 2181718, "release_transactions": 1065062, "net_revenue": 12174.922408125232, "count_sales": 283763300, "free_units": 8268, "dsr": 25}}, {"model": "api.statistics", "pk": 26, "fields": {"resources": 4429803, "release": 8915903, "release_transactions": 7436742, "net_revenue": 779382.6926422045, "count_sales": 766134900, "free_units": 1478, "dsr": 26}}, {"model": "api.statistics", "pk": 27, "fields": {"resources": 9413990, "release": 7051452, "release_transactions": 2060000, "net_revenue": 337839.1019071224, "count_sales": 137229800, "free_units": 3495, "dsr": 27}}, {"model": "api.statistics", "pk": 28, "fields": {"resources": 8649855, "release": 5411250, "release_transactions": 788216, "net_revenue": 831499.4237967964, "count_sales": 612630500, "free_units": 6430, "dsr": 28}}, {"model": "api.statistics", "pk": 29, "fields": {"resources": 6032756, "release": 9273666, "release_transactions": 7930181, "net_revenue": 737121.7432596328, "count_sales": 137826900, "free_units": 9054, "dsr": 29}}, {"model": "api.statistics", "pk": 30, "fields": {"resources": 1307492, "release": 4084790, "release_transactions": 5407464, "net_revenue": 513141.0377952319, "count_sales": 563140200, "free_units": 1429, "dsr": 30}}, {"model": "api.statistics", "pk": 31, "fields": {"resources": 1985943, "release": 5117726, "release_transactions": 3736881, "net_revenue": 174115.32595132728, "count_sales": 962689700, "free_units": 5280, "dsr": 31}}, {"model": "api.statistics", "pk": 32, "fields": {"resources": 5315986, "release": 3910912, "release_transactions": 9134041, "net_revenue": 429875.8146332641, "count_sales": 843755600, "free_units": 9330, "dsr": 32}}, {"model": "api.statistics", "pk": 33, "fields": {"resources": 5449417, "release": 6089781, "release_transactions": 7644545, "net_revenue": 808099.6729339139, "count_sales": 748575400, "free_units": 8853, "dsr": 33}}, {"model": "api.statistics", "pk": 34, "fields": {"resources": 1239284, "release": 6265418, "release_transactions": 9305990, "net_revenue": 816806.8101266441, "count_sales": 539888000, "free_units": 7122, "dsr": 34}}, {"model": "api.statistics", "pk": 35, "fields": {"resources": 3670099, "release": 9334860, "release_transactions": 7352300, "net_revenue": 666483.2519251496, "count_sales": 698839900, "free_units": 9097, "dsr": 35}}, {"model": "api.statistics", "pk": 36, "fields": {"resources": 2709777, "release": 8963183, "release_transactions": 3855646, "net_revenue": 718868.9768550652, "count_sales": 834615900, "free_units": 2890, "dsr": 36}}, {"model": "api.statistics", "pk": 37, "fields": {"resources": 2124710, "release": 6517752, "release_transactions": 9451906, "net_revenue": 745502.7961669434, "count_sales": 154218400, "free_units": 7321, "dsr": 37}}, {"model": "api.statistics", "pk": 38, "fields": {"resources": 3865400, "release": 7596906, "release_transactions": 9656912, "net_revenue": 199409.29007128638, "count_sales": 38916100, "free_units": 2207, "dsr": 38}}, {"model": "api.statistics", "pk": 39, "fields": {"resources": 1627543, "release": 902033, "release_transactions": 7688326, "net_revenue": 687691.5054068336, "count_sales": 140487800, "free_units": 1915, "dsr": 39}}, {"model": "api.statistics", "pk": 40, "fields": {"resources": 3409500, "release": 320826, "release_transactions": 1453751, "net_revenue": 40830.66648253808, "count_sales": 687290200, "free_units": 8082, "dsr": 40}}, {"model": "api.statistics", "pk": 41, "fields": {"resources": 5102571, "release": 2353180, "release_transactions": 4958336, "net_revenue": 662623.3213692134, "count_sales": 818481000, "free_units": 6970, "dsr": 41}}, {"model": "api.statistics", "pk": 42, "fields": {"resources": 3951395, "release": 9960123, "release_transactions": 6803012, "net_revenue": 382401.7295012507, "count_sales": 985572000, "free_units": 4539, "dsr": 42}}, {"model": "api.statistics", "pk": 43, "fields": {"resources": 2482232, "release": 9539834, "release_transactions": 6633571, "net_revenue": 438617.5181256175, "count_sales": 768144700, "free_units": 5493, "dsr": 43}}, {"model": "api.statistics", "pk": 44, "fields": {"resources": 3497592, "release": 3760561, "release_transactions": 3639945, "net_revenue": 443705.6172318731, "count_sales": 298497100, "free_units": 9839, "dsr": 44}}, {"model": "api.statistics", "pk": 45, "fields": {"resources": 544443, "release": 7885782, "release_transactions": 5728292, "net_revenue": 522452.41758259555, "count_sales": 546967500, "free_units": 9774, "dsr": 45}}, {"model": "api.statistics", "pk": 46, "fields": {"resources": 9758445, "release": 6624317, "release_transactions": 2219500, "net_revenue": 826706.2309643071, "count_sales": 590419700, "free_units": 3605, "dsr": 46}}, {"model": "api.statistics", "pk": 47, "fields": {"resources": 3263364, "release": 1434789, "release_transactions": 451544, "net_revenue": 282714.75894854934, "count_sales": 698793100, "free_units": 6973, "dsr": 47}}, {"model": "api.statistics", "pk": 48, "fields": {"resources": 459290, "release": 6517059, "release_transactions": 8910270, "net_revenue": 884745.6742908454, "count_sales": 294426400, "free_units": 7728, "dsr": 48}}, {"model": "api.statistics", "pk": 49, "fields": {"resources": 8031694, "release": 1996497, "release_transactions": 3957616, "net_revenue": 823288.4575289454, "count_sales": 79937500, "free_units": 6670, "dsr": 49}}, {"model": "api.statistics", "pk": 50, "fields": {"resources": 4208688, "release": 7925932, "release_transactions": 6233607, "net_revenue": 871431.0108253676, "count_sales": 793979700, "free_units": 4291, "dsr": 50}}, {"model": "api.statistics", "pk": 51, "fields": {"resources": 6944192, "release": 4119067, "release_transactions": 8301338, "net_revenue": 937688.238877713, "count_sales": 42878600, "free_units": 174, "dsr": 51}}, {"model": "api.statistics", "pk": 52, "fields": {"resources": 8150201, "release": 770064, "release_transactions": 8642829, "net_revenue": 889293.53168827, "count_sales": 793245400, "free_units": 7941, "dsr": 52}}, {"model": "api.statistics", "pk": 53, "fields": {"resources": 1428538, "release": 8710948, "release_transactions": 9682079, "net_revenue": 77978.96176245433, "count_sales": 212487700, "free_units": 7802, "dsr": 53}}, {"model": "api.statistics", "pk": 54, "fields": {"resources": 4258824, "release": 2175717, "release_transactions": 7828188, "net_revenue": 49802.573856636445, "count_sales": 413487100, "free_units": 3690, "dsr": 54}}, {"model": "api.statistics", "pk": 55, "fields": {"resources": 8422859, "release": 5935543, "release_transactions": 8931112, "net_revenue": 485857.13987332577, "count_sales": 293667600, "free_units": 9227, "dsr": 55}}, {"model": "api.statistics", "pk": 56, "fields": {"resources": 3504760, "release": 9648140, "release_transactions": 2021864, "net_revenue": 168636.36760783417, "count_sales": 271471800, "free_units": 1639, "dsr": 56}}]